<record><leader>00000cas a2200000 a 4500</leader><controlfield tag="001">25718865</controlfield><controlfield tag="007">hd afv---baca</controlfield><controlfield tag="007">hd bfv---baaa</controlfield><controlfield tag="007">hd bfv---baba</controlfield><controlfield tag="008">920427d18511863nyuwr nea     0    0eng c</controlfield><datafield ind1=" " ind2=" " tag="010"><subfield code="a">sn 99016378 </subfield></datafield><datafield ind1=" " ind2=" " tag="040"><subfield code="a">ZBS</subfield><subfield code="b">eng</subfield><subfield code="c">ZBS</subfield><subfield code="d">ATL</subfield><subfield code="d">OCLCQ</subfield><subfield code="d">OCLCF</subfield><subfield code="d">OCLCO</subfield></datafield><datafield ind1=" " ind2=" " tag="042"><subfield code="a">pcc</subfield></datafield><datafield ind1="1" ind2="4" tag="050"><subfield code="a">BX6201</subfield></datafield><datafield ind1="0" ind2=" " tag="130"><subfield code="a">New York chronicle (New York, N.Y. : 1851)</subfield></datafield><datafield ind1="1" ind2="0" tag="245"><subfield code="a">New York chronicle</subfield><subfield code="h">[microform].</subfield></datafield><datafield ind1=" " ind2=" " tag="260"><subfield code="a">New York, N.Y. :</subfield><subfield code="b">Holman &amp; Gray,</subfield><subfield code="c">1851-1863.</subfield></datafield><datafield ind1=" " ind2=" " tag="300"><subfield code="a">13 v.</subfield></datafield><datafield ind1=" " ind2=" " tag="310"><subfield code="a">Weekly</subfield></datafield><datafield ind1="0" ind2=" " tag="362"><subfield code="a">Vol. 2, no. 1 (Sept. 27, 1851)-v. 14, no. 42 (Oct. 22, 1863).</subfield></datafield><datafield ind1=" " ind2=" " tag="515"><subfield code="a">Numbering is irregular.</subfield></datafield><datafield ind1=" " ind2=" " tag="533"><subfield code="a">Microfilm.</subfield><subfield code="m">v.2-14 (1851-1863):[Lacks:v.4:no. 38,42;v.7:no. 1-3,50;v.8:no. 51;v.9:no. 1,10,19,28;v.10:no. 24;v.12:no. 35;v.14:no. 3,13,17,24,28,32]</subfield><subfield code="b">Evanston, Ill. :</subfield><subfield code="c">American Theological Association,</subfield><subfield code="d">1980.</subfield><subfield code="e">4 microfilm reels ; 35 mm.</subfield><subfield code="f">(ATLA serials preservation program ; ATLA film R0119B).</subfield><subfield code="n">Film includes New York weekly chronicle (New York, N.Y. : 1850) and Chronicle (New York, N.Y.).</subfield></datafield><datafield ind1=" " ind2="0" tag="650"><subfield code="a">Baptists</subfield><subfield code="v">Newspapers.</subfield></datafield><datafield ind1=" " ind2="7" tag="655"><subfield code="a">Newspapers.</subfield><subfield code="2">fast</subfield><subfield code="0">(OCoLC)fst01423814</subfield></datafield><datafield ind1=" " ind2="7" tag="650"><subfield code="a">Baptists.</subfield><subfield code="2">fast</subfield><subfield code="0">(OCoLC)fst00827285</subfield></datafield><datafield ind1=" " ind2=" " tag="752"><subfield code="a">United States</subfield><subfield code="b">New York</subfield><subfield code="c">New York</subfield><subfield code="d">New York.</subfield></datafield><datafield ind1="1" ind2=" " tag="776"><subfield code="c">Original</subfield><subfield code="w">(DLC)sn 84037019</subfield><subfield code="w">(OCoLC)10575280</subfield></datafield><datafield ind1="0" ind2="0" tag="780"><subfield code="t">New York weekly chronicle (New York, N.Y. : 1850)</subfield><subfield code="w">(DLC)sn 99016377</subfield><subfield code="w">(OCoLC)25718826</subfield></datafield><datafield ind1="0" ind2="7" tag="785"><subfield code="t">Christian chronicle (Philadelphia, Pa.)</subfield></datafield><datafield ind1="0" ind2="7" tag="785"><subfield code="t">Chronicle (New York, N.Y.)</subfield><subfield code="w">(DLC)sn 99016379</subfield><subfield code="w">(OCoLC)9655253</subfield></datafield><datafield ind1=" " ind2="0" tag="830"><subfield code="a">ATLA serials preservation program ;</subfield><subfield code="v">ATLA film R0119B.</subfield></datafield></record>